<record><leader>00000cas a22000007a 4500</leader><controlfield tag="001">11653010</controlfield><controlfield tag="008">850204d18971898wiuwr ne      0    0eng d</controlfield><datafield ind1=" " ind2=" " tag="010"><subfield code="a">sn 85040129 </subfield></datafield><datafield ind1=" " ind2=" " tag="040"><subfield code="a">NPV</subfield><subfield code="b">eng</subfield><subfield code="c">NPV</subfield><subfield code="d">OCLCQ</subfield></datafield><datafield ind1=" " ind2=" " tag="042"><subfield code="a">msc</subfield></datafield><datafield ind1=" " ind2=" " tag="043"><subfield code="a">n-us-wi</subfield></datafield><datafield ind1=" " ind2=" " tag="045"><subfield code="a">w9w9</subfield></datafield><datafield ind1=" " ind2=" " tag="052"><subfield code="a">4123</subfield><subfield code="b">S5</subfield></datafield><datafield ind1="0" ind2="4" tag="245"><subfield code="a">The Shawano dispatch.</subfield></datafield><datafield ind1=" " ind2=" " tag="260"><subfield code="a">Shawano, Wis. :</subfield><subfield code="b">L.C. Bold,</subfield><subfield code="c">1897-1898.</subfield></datafield><datafield ind1=" " ind2=" " tag="300"><subfield code="a">2 v. :</subfield><subfield code="b">ill.</subfield></datafield><datafield ind1=" " ind2=" " tag="310"><subfield code="a">Weekly</subfield></datafield><datafield ind1="0" ind2=" " tag="362"><subfield code="a">Vol. 1, no. 1 (Nov. 17, 1897)-v. 2, no. 3 (Dec. 1, 1898).</subfield></datafield><datafield ind1=" " ind2=" " tag="500"><subfield code="a">Publisher varies.</subfield></datafield><datafield ind1=" " ind2=" " tag="500"><subfield code="a">Editors: C.F. Bold, Dec. 22, 1897-Feb. 16, 1898; W.M. Barnum, Feb. 23, 1898-1898.</subfield></datafield><datafield ind1=" " ind2=" " tag="530"><subfield code="a">Available on microfilm from The State Historical Society of Wisconsin.</subfield></datafield><datafield ind1=" " ind2=" " tag="752"><subfield code="a">United States</subfield><subfield code="b">Wisconsin</subfield><subfield code="c">Shawano</subfield><subfield code="d">Shawano.</subfield></datafield><datafield ind1="0" ind2="0" tag="785"><subfield code="t">Shawano County advocate and dispatch</subfield><subfield code="w">(DLC)sn 87082552</subfield></datafield><datafield ind1="1" ind2=" " tag="029"><subfield code="a">AU@</subfield><subfield code="b">000025797119</subfield></datafield></record>